<record><leader>00000cas a2200000 a 4500</leader><controlfield tag="001">707405582</controlfield><controlfield tag="006">m     o  d        </controlfield><controlfield tag="007">cr |||||||||||</controlfield><controlfield tag="008">110315d18371842nyuwr neo     0    0eng c</controlfield><datafield ind1=" " ind2=" " tag="010"><subfield code="a">  2017225073</subfield></datafield><datafield ind1=" " ind2=" " tag="040"><subfield code="a">TFW</subfield><subfield code="b">eng</subfield><subfield code="c">TFW</subfield><subfield code="d">CRL</subfield><subfield code="d">OCLCQ</subfield><subfield code="d">OCLCF</subfield><subfield code="d">CRL</subfield><subfield code="d">OCLCO</subfield><subfield code="d">OCLCQ</subfield><subfield code="d">CRL</subfield></datafield><datafield ind1=" " ind2=" " tag="042"><subfield code="a">pcc</subfield></datafield><datafield ind1=" " ind2=" " tag="043"><subfield code="a">n-us-ny</subfield></datafield><datafield ind1="0" ind2=" " tag="130"><subfield code="a">Colored American (New York, N.Y.)</subfield></datafield><datafield ind1="1" ind2="4" tag="245"><subfield code="a">The colored American.</subfield></datafield><datafield ind1="1" ind2="7" tag="246"><subfield code="a">Colored American and advocate</subfield></datafield><datafield ind1=" " ind2=" " tag="260"><subfield code="a">New York [N.Y.] :</subfield><subfield code="b">Robert Sears,</subfield><subfield code="c">1837-</subfield></datafield><datafield ind1=" " ind2=" " tag="300"><subfield code="a">1 online resource</subfield></datafield><datafield ind1=" " ind2=" " tag="310"><subfield code="a">Weekly</subfield></datafield><datafield ind1=" " ind2=" " tag="336"><subfield code="a">text</subfield><subfield code="b">txt</subfield><subfield code="2">rdacontent</subfield></datafield><datafield ind1=" " ind2=" " tag="337"><subfield code="a">computer</subfield><subfield code="b">c</subfield><subfield code="2">rdamedia</subfield></datafield><datafield ind1=" " ind2=" " tag="338"><subfield code="a">online resource</subfield><subfield code="b">cr</subfield><subfield code="2">rdacarrier</subfield></datafield><datafield ind1="1" ind2=" " tag="362"><subfield code="a">Print began with vol. 1, no. 9 (March 4, 1837); ceased in 1842.</subfield></datafield><datafield ind1=" " ind2=" " tag="588"><subfield code="a">Description based on print version record.</subfield></datafield><datafield ind1=" " ind2="0" tag="650"><subfield code="a">African Americans</subfield><subfield code="v">Newspapers.</subfield></datafield><datafield ind1=" " ind2="0" tag="651"><subfield code="a">New York (N.Y.)</subfield><subfield code="v">Newspapers.</subfield></datafield><datafield ind1=" " ind2="7" tag="650"><subfield code="a">African Americans.</subfield><subfield code="2">fast</subfield><subfield code="0">(OCoLC)fst00799558</subfield></datafield><datafield ind1=" " ind2="7" tag="651"><subfield code="a">New York (State)</subfield><subfield code="z">New York.</subfield><subfield code="2">fast</subfield><subfield code="0">(OCoLC)fst01204333</subfield></datafield><datafield ind1=" " ind2="7" tag="655"><subfield code="a">Newspapers.</subfield><subfield code="2">fast</subfield><subfield code="0">(OCoLC)fst01423814</subfield></datafield><datafield ind1=" " ind2=" " tag="752"><subfield code="a">United States</subfield><subfield code="b">New York</subfield><subfield code="c">New York</subfield><subfield code="d">New York.</subfield></datafield><datafield ind1="0" ind2="8" tag="776"><subfield code="i">Print version:</subfield><subfield code="t">Colored American (New York, N.Y.)</subfield><subfield code="w">(DLC)sn 83030314</subfield><subfield code="w">(OCoLC)2259552</subfield></datafield><datafield ind1="0" ind2="0" tag="780"><subfield code="t">Weekly advocate (New York, N.Y.)</subfield><subfield code="w">(DLC)  2017225072</subfield><subfield code="w">(OCoLC)524517324</subfield></datafield><datafield ind1="4" ind2="0" tag="856"><subfield code="3">Center for Research Libraries: Mar 4, 1837-Dec 25, 1841</subfield><subfield code="u">https://dds.crl.edu/crldelivery/7037</subfield><subfield code="z">Center for Research Libraries: Mar 4, 1837-Dec 25, 1841</subfield></datafield><datafield ind1="4" ind2="0" tag="856"><subfield code="3">Newsbank World Newspaper Archive. Subscription required.</subfield><subfield code="u">http://infoweb.newsbank.com/?db=WHNPX&amp;s_browseRef=decades/12753B6C458242A2/all.xml</subfield><subfield code="z">Newsbank World Newspaper Archive. Subscription required.</subfield></datafield><datafield ind1="4" ind2="0" tag="856"><subfield code="u">http://www.accessible.com/accessible/preLog</subfield></datafield><datafield ind1="4" ind2="0" tag="856"><subfield code="u">http://find.galegroup.com/sas/infomark.do?index=JX&amp;collectionMCode=2RLJ&amp;queryType=PH&amp;type=pubIssues&amp;searchTerm=Colored+American&amp;prodId=SAS&amp;urlType=infoMark&amp;version=1.0&amp;source=library</subfield><subfield code="z">Full text online</subfield></datafield></record>